@article{SiliconXray,
title = "Crystal defects in silicon solar cells--{I}. {X}-ray observations",
journal = "Solid-State Electronics",
volume = "6",
number = "6",
pages = "676",
year = "1963",
note = "",
issn = "0038-1101",
doi = "http://dx.doi.org/10.1016/0038-1101(63)90064-9",
url = "http://www.sciencedirect.com/science/article/pii/0038110163900649",
author = "H.J. Queisser and G.H. Schwuttke",
}
