




@article{First,
author = {D. M. Chapin and C. S. Fuller and G. L. Pearson},
title = {A New Silicon p‚Äên Junction Photocell for Converting Solar Radiation into Electrical Power},
journal = {Journal of Applied Physics},
volume = {25},
number = {5},
pages = {676-677},
year = {1954},
doi = {10.1063/1.1721711},

URL = { 
        http://dx.doi.org/10.1063/1.1721711
    
},
eprint = { 
        http://dx.doi.org/10.1063/1.1721711
    
}

}


