@INPROCEEDINGS{BlockHadamard, 
author={L. Gan and T. T. Do and T. D. Tran}, 
booktitle={2008 16th European Signal Processing Conference}, 
title={Fast compressive imaging using scrambled block Hadamard ensemble}, 
year={2008}, 
pages={1-5}, 
keywords={Hadamard transforms;cameras;compressed sensing;image reconstruction;image sampling;dense floating-coefficient scrambled Fourier ensemble;fast compressive imaging;fast sampling operator;integer-valued elements;measurement operator;perfect reconstruction;scrambled block Hadamard ensemble;single-pixel camera;Abstracts;Discrete cosine transforms;Image reconstruction;Optical imaging;Optical sensors;Photonics;Simulation;Compressed sensing;Hadamard transform;random projections;sparsity}, 
ISSN={2219-5491}, 
month={Aug},}
