@phdthesis{TVAL3CBLPhD,
	title={Compressive Sensing for 3D Data Processing Tasks: Applications, Models and Algorithms},
	author={Chengbo Li},
	school={Rice University},
	year={2011},
}

@mastersthesis{TVAL3CBLMaster,
	title={An Efficient Algorithm For Total Variation Regularization with Applications to the Single Pixel Camera and Compressive Sensing},
	author={Chengbo Li},
	school={Rice University},
	year={2009},
}
