@ARTICLE{CLBIC17, 
author={G. Koutsourakis and M. Cashmore and S. R. G. Hall and M. Bliss and T. R. Betts and R. Gottschalg}, 
journal={IEEE Journal of Photovoltaics}, 
title={Compressed Sensing Current Mapping Spatial Characterization of Photovoltaic Devices}, 
year={2017}, 
volume={7}, 
number={2}, 
pages={486-492}, 
keywords={compressed sensing;micromirrors;solar cells;CS current mapping system;LBIC measurements;National Physical Laboratory;PV cells;PV devices;UK;compressed sensing current mapping spatial characterization;compressed sensing sampling theory;digital micromirror device;light beam induced current measurements;micromirror device;optical current mapping;photovoltaic device current mapping method;Current measurement;Image coding;Laser beams;Measurement by laser beam;Photovoltaic systems;Transforms;Compressed sensing (CS);light beam induced current (LBIC) measurements;solar cells;spatial characterization}, 
doi={10.1109/JPHOTOV.2016.2646900}, 
ISSN={2156-3381}, 
month={March},}
