@ARTICLE{CLBIC16, 
author={S. R. G. Hall and M. Cashmore and J. Blackburn and G. Koutsourakis and R. Gottschalg}, 
journal={IEEE Transactions on Instrumentation and Measurement}, 
title={Compressive Current Response Mapping of Photovoltaic Devices Using MEMS Mirror Arrays}, 
year={2016}, 
volume={65}, 
number={8}, 
pages={1945-1950}, 
keywords={compressed sensing;electric current measurement;micromechanical devices;micromirrors;solar cells;MEMS mirror arrays;Walsh-Hadamard matrices;compressive current response mapping;digital micromirror device;laser beam-induced current measurements;photovoltaic devices;signal-to-noise ratio;Compressed sensing;Current measurement;Lighting;Measurement by laser beam;Photoconductivity;Standards;Voltage measurement;Compressed sensing;digital micromirror device (DMD);laser beam-induced current (LBIC) measurements;photovoltaic (PV)}, 
doi={10.1109/TIM.2016.2559878}, 
ISSN={0018-9456}, 
month={Aug},}
