@ARTICLE{CS2006, 
author={E. J. Candes and T. Tao}, 
journal={IEEE Transactions on Information Theory}, 
title={Near-Optimal Signal Recovery From Random Projections: Universal Encoding Strategies?}, 
year={2006}, 
volume={52}, 
number={12}, 
pages={5406-5425}, 
keywords={encoding;linear programming;signal reconstruction;N-dimensional Gaussian vector;linear measurement;linear program;random projection;signal reconstruction;signal recovery;universal encoding strategy;Concrete;Digital images;Encoding;Geometry;Image coding;Image reconstruction;Linear programming;Mathematics;Measurement standards;Vectors;Concentration of measure;convex optimization;duality in optimization;linear programming;random matrices;random projections;signal recovery;singular values of random matrices;sparsity;trigonometric expansions;uncertainty principle}, 
doi={10.1109/TIT.2006.885507}, 
ISSN={0018-9448}, 
month={Dec},}
