@ARTICLE{CSAD, 
author={Y. C. Eldar and M. Mishali}, 
journal={IEEE Transactions on Information Theory}, 
title={Robust Recovery of Signals From a Structured Union of Subspaces}, 
year={2009}, 
volume={55}, 
number={11}, 
pages={5302-5316}, 
keywords={signal reconstruction;signal sampling;block sparse vector recovery;compressed sensing;joint sparsity pattern;multiple measurement vector recovery;nonlinear signal model;restricted isometry property;sampling functions;sampling theory;signal reconstruction;signal recovery;subspace structured union;Compressed sensing;Frequency;History;Robustness;Sampling methods;Signal processing;Signal processing algorithms;Signal sampling;Stability;Vectors;Block restricted isometry property;block sparsity;compressed sensing;mixed-norm recovery;multiple measurement vectors (MMV);union of linear subspaces}, 
doi={10.1109/TIT.2009.2030471}, 
ISSN={0018-9448}, 
month={Nov},}
