@ARTICLE{CSRedundant, 
author={H. Rauhut and K. Schnass and P. Vandergheynst}, 
journal={IEEE Transactions on Information Theory}, 
title={Compressed Sensing and Redundant Dictionaries}, 
year={2008}, 
volume={54}, 
number={5}, 
pages={2210-2219}, 
keywords={data compression;matrix algebra;probability;signal reconstruction;basis pursuit;compressed sensing;probability;random matrix;recovery algorithm;redundant dictionary;restricted isometry constants;signal reconstruction;signal thresholding;sparse signal;Compressed sensing;Decoding;Dictionaries;Greedy algorithms;Linear programming;Matching pursuit algorithms;Nuclear magnetic resonance;Signal processing algorithms;Sparse matrices;Spectroscopy;Basis pursuit (BP);compressed sensing;orthogonal matching pursuit;random matrix;redundant dictionary;restricted isometry constants;sparse approximation;thresholding}, 
doi={10.1109/TIT.2008.920190}, 
ISSN={0018-9448}, 
month={May},}
