@article {EBIC,
author = {Reuter, Piet and Rath, Thomas and Fischereder, Achim and Trimmel, Gregor and Hadley, Peter},
title = {Electron Beam-Induced Current ({EBIC}) in solution-processed solar cells},
journal = {Scanning},
volume = {33},
number = {1},
publisher = {Wiley Subscription Services, Inc., A Wiley Company},
issn = {1932-8745},
url = {http://dx.doi.org/10.1002/sca.20222},
doi = {10.1002/sca.20222},
pages = {1--6},
keywords = {SEM, EBIC, radiation damage, failure analysis, solution-processed solar cells},
year = {2011},
}
