




@article{EL,
author = {Takashi Fuyuki and Hayato Kondo and Tsutomu Yamazaki and Yu Takahashi and Yukiharu Uraoka},
title = {Photographic surveying of minority carrier diffusion length in polycrystalline silicon solar cells by electroluminescence},
journal = {Applied Physics Letters},
volume = {86},
number = {26},
pages = {262108},
year = {2005},
doi = {10.1063/1.1978979},

URL = { 
        http://dx.doi.org/10.1063/1.1978979
    
},
eprint = { 
        http://dx.doi.org/10.1063/1.1978979
    
}

}


