@INPROCEEDINGS{FastPL, 
author={T. Trupke and R. A. Bardos and M. D. Abbott and F. w. Chen and J. E. Cotter and A. Lorenz}, 
booktitle={2006 IEEE 4th World Conference on Photovoltaic Energy Conference}, 
title={Fast Photoluminescence Imaging of Silicon Wafers}, 
year={2006}, 
volume={1}, 
pages={928-931}, 
keywords={carrier lifetime;electroluminescence;elemental semiconductors;minority carriers;photoluminescence;silicon;solar cells;PL;PV industry;Si;data acquisition time;electroluminescence imaging;external bias control;fast photoluminescence imaging;local series resistance variations;minority carrier lifetime;silicon solar cells;silicon wafers;spatial resolution;unpassivated mc-silicon wafers;Area measurement;Charge carrier lifetime;Data acquisition;High-resolution imaging;Monitoring;Photoluminescence;Photovoltaic cells;Silicon;Spatial resolution;Time measurement}, 
doi={10.1109/WCPEC.2006.279608}, 
ISSN={0160-8371}, 
month={May},}
