@inbook{GJ79,
	author={Garey, Micheal R. and Johnson, David S.},
	title={Computers and Interactability},
	subtitle={A Guide to the Theory of {NP}-Completeness},
	publisher={Bell Telephone Laboratories, Inc.},
	year={1979},
	pages={221,246}
}
