@article {HERSCHEL,
	title={Feasibility and performances of compressed sensing and sparse map-making with {Herschel/PACS} data},
	author={N. Barbey and M.Sauvage and J.-L. Starck and R. Ottensamer and P. Chanial},
	journal={Astronomy \& Astrophysics},
	volume={527},
	year={2011},
	month={March},
}
