@inproceedings{inpainting,
  title={Image inpainting},
  author={Bertalmio, Marcelo and Sapiro, Guillermo and Caselles, Vincent and Ballester, Coloma},
  booktitle={Conference on Computer Graphics and Interactive Techniques},
  pages={417-424},
  year={2000},
}
