@inbook{IntroCS, place={Cambridge}, title={Introduction to compressed sensing}, DOI={10.1017/CBO9780511794308.002}, booktitle={Compressed Sensing: Theory and Applications}, publisher={Cambridge University Press}, author={Davenport, Mark A. and Duarte, Marco F. and Eldar, Yonina C. and Kutyniok, Gitta}, editor={Eldar, Yonina C. and Kutyniok, GittaEditors}, year={2012}, pages={1â€“64}}
