@article{JPLDefectAnalyzer,
  title={Solar-cell defect analyzer},
  author={Gauthier, M. K and Miller, E. L and Shumka, A},
  year={1980},
  journal={NASA Tech Brief},
  volume={4},
  number={3},
  pages={398}
}
