@article{KeepK, title={Nonlinear approximation}, volume={7}, DOI={10.1017/S0962492900002816}, journal={Acta Numerica}, publisher={Cambridge University Press}, author={DeVore, Ronald A.}, year={1998}, pages={51â€“150}}
