@article {lasso,
author = {Tibshirani, Robert},
title = {Regression shrinkage and selection via the lasso: a retrospective},
journal = {Journal of the Royal Statistical Society: Series B (Statistical Methodology)},
volume = {73},
number = {3},
publisher = {Blackwell Publishing Ltd},
issn = {1467-9868},
url = {http://dx.doi.org/10.1111/j.1467-9868.2011.00771.x},
doi = {10.1111/j.1467-9868.2011.00771.x},
pages = {273--282},
keywords = {l1-penalty, Penalization, Regularization},
year = {2011},
}
