@ARTICLE{LBIC, 
author={H. F. Ragaie and H. A. El-Ghitani}, 
journal={IEEE Transactions on Electron Devices}, 
title={Light-beam-induced current analysis for preferentially doped polysilicon solar cells}, 
year={1986}, 
volume={33}, 
number={6}, 
pages={730-734}, 
keywords={Absorption;Bandwidth;Current measurement;Doping;Equations;Grain boundaries;Helium;Impurities;Photovoltaic cells;Semiconductor process modeling}, 
doi={10.1109/T-ED.1986.22561}, 
ISSN={0018-9383}, 
month={Jun},}
