@ARTICLE{LBICEnc, 
author={R. M. Geisthardt and J. R. Sites}, 
journal={IEEE Journal of Photovoltaics}, 
title={Nonuniformity Characterization of CdTe Solar Cells Using LBIC}, 
year={2014}, 
volume={4}, 
number={4}, 
pages={1114-1118}, 
keywords={II-VI semiconductors;OBIC;cadmium compounds;electric current measurement;energy gap;semiconductor device measurement;solar absorber-convertors;solar cells;CdTe;CdTe solar cells;LBIC;absorber band gap;band gap;diode regions;junction quality;light-beam-induced current measurements;measurement time;nonuniformity characterization;resolution dependence;spectral dependence;voltage-bias dependence;window thickness;Current measurement;Measurement by laser beam;Photovoltaic cells;Photovoltaic systems;Time measurement;Wavelength measurement;Cadmium telluride (CdTe);characterization;light-beam-induced current (LBIC);nonuniformity;photovoltaic (PV) cells}, 
doi={10.1109/JPHOTOV.2014.2314575}, 
ISSN={2156-3381}, 
month={July},}
