@inbook {MathProblemImage,
	publisher={Springer},
	author={Gilles Aubert and Pierre Kornprobst},
	title={Mathematical Problems in Image Processing},
	subtitle={Partial Differential Equations and the Calculus of Variations},
	year={2006},
	edition={2nd},
	isbn={0-387-32200-0},
	pages={64}
}
