@article{RIPimplieCS,
title = "The restricted isometry property and its implications for compressed sensing",
journal = "Comptes Rendus Mathematique",
volume = "346",
number = "9",
pages = "589 - 592",
year = "2008",
note = "",
issn = "1631-073X",
doi = "http://dx.doi.org/10.1016/j.crma.2008.03.014",
url = "http://www.sciencedirect.com/science/article/pii/S1631073X08000964",
author = "Emmanuel J. Cand√®s",

}
