@ARTICLE{SinglePixel, 
author={M. F. Duarte and M. A. Davenport and D. Takhar and J. N. Laska and T. Sun and K. F. Kelly and R. G. Baraniuk}, 
journal={IEEE Signal Processing Magazine}, 
title={Single-pixel imaging via compressive sampling}, 
year={2008}, 
volume={25}, 
number={2}, 
pages={83-91}, 
keywords={cameras;data compression;digital photography;image sampling;micromirrors;broad spectral range;compressive sampling;digital camera;digital micromirror device;single pixel imaging;CMOS image sensors;Charge coupled devices;Computer architecture;Digital cameras;Hyperspectral imaging;Image reconstruction;Layout;Lenses;Optical computing;Sampling methods}, 
doi={10.1109/MSP.2007.914730}, 
ISSN={1053-5888}, 
month={March},}
