@inbook{SparseImage,
	title={Sparse Image and Signal Processing: Wavelets, Curvelets,
	Morphological Diversity},
	author={Starck, Jean-Luc and Murtagh, Fionn and Fadili, Jalal M.},
	publisher={Cambridge},
	pages={1},
	year={2010}
}
