




@article{SpectrePL,
author = {E. Olsen and A.S. Fl√∏},
title = {Spectral and spatially resolved imaging of photoluminescence in multicrystalline silicon wafers},
journal = {Applied Physics Letters},
volume = {99},
number = {1},
pages = {011903},
year = {2011},
doi = {10.1063/1.3607307},

URL = { 
        http://dx.doi.org/10.1063/1.3607307
    
},
eprint = { 
        http://dx.doi.org/10.1063/1.3607307
    
}

}


