@article{SubsetOptNPC,
	title={Sparse Approximate Solutions to Linear Systems},
	journal={{SIAM} J. Comput},
	volume={24},
	number={2},
	pages={227-234},
	year={1995},
	month={4},
	author={B. K. Natarajan}
}
