@INPROCEEDINGS{TVrestore, 
author={L. I. Rudin and S. Osher}, 
booktitle={Proceedings of 1st International Conference on Image Processing}, 
title={Total variation based image restoration with free local constraints}, 
year={1994}, 
volume={1}, 
pages={31-35 vol.1}, 
keywords={image restoration;oscillations;partial differential equations;smoothing methods;video signal processing;L1 norm;TV image restoration;TV-based technique;curve shortening equation;degradation constraints;discontinuous solutions;feature curves;feature regions;free local constraints;gradient;image intensity;image restoration;linear dissipation;mean curvature evolution;multiplicative noise;nonsmooth solutions;signal-dependent noise;singular information;smooth regularization algorithms;space-varying blurring kernel;time-dependent nonlinear PDE;total variation;Degradation;Image restoration;Kernel;Level set;Linearity;Nonlinear distortion;Nonlinear equations;Signal restoration;Smoothing methods;TV}, 
doi={10.1109/ICIP.1994.413269}, 
month={Nov},}
