@article{Vanguard,
  title={{Vanguard I IGY Satellite (1958 Beta)}},
  author={Easton, R. L and Votaw, M. J},
  journal={Review of Scientific Instruments},
  volume={30},
  number={2},
  pages={70-75},
  year={1959},
}
