@article{XDUCLBIC,
title = "Compressive light beam induced current sensing for fast defect detection in photovoltaic cells ",
journal = "Solar Energy ",
volume = "150",
number = "",
pages = "345 - 352",
year = "2017",
note = "",
issn = "0038-092X",
doi = "https://doi.org/10.1016/j.solener.2017.04.059",
url = "http://www.sciencedirect.com/science/article/pii/S0038092X17303535",
author = "Lei Quan and Kai Xie and Ruoyao Xi and Yan Liu",
keywords = "Defect detection",
keywords = "Compressive sensing",
keywords = "Light beam induced current",
keywords = "Photovoltaic cells "
}
